%% Bibliography File for various zkSNARKs and related constructions

@article{kothapalli2020poppins,
  title={Poppins: A direct construction for asymptotically optimal {zkSNARKs}},
  author={Kothapalli, Abhiram and Masserova, Elisaweta and Parno, Bryan},
  journal={Cryptology ePrint Archive}, 
  year={2020}
} 

@article{kothapalli2023cyclefold,
  title={CycleFold: Folding-scheme-based recursive arguments over a cycle of elliptic curves},
  author={Kothapalli, Abhiram and Setty, Srinath},
  journal={Cryptology ePrint Archive},
  year={2023}
}

@inproceedings{kothapalli2018regex,
  title={Regex-Based Linkography Abstraction Refinement for Information Security},
  author={Kothapalli, Abhiram and Mitchell, Robert},
  booktitle={Proceedings of the Fourth ACM International Workshop on Security and Privacy Analytics},
  pages={1--7},
  year={2018}
}

@inproceedings{kothapalli2017smartcast,
  title={Smartcast: An incentive compatible consensus protocol using smart contracts},
  author={Kothapalli, Abhiram and Miller, Andrew and Borisov, Nikita},
  booktitle={Financial Cryptography and Data Security: FC 2017 International Workshops, WAHC, BITCOIN, VOTING, WTSC, and TA, Sliema, Malta, April 7, 2017, Revised Selected Papers 21},
  pages={536--552},
  year={2017},
  organization={Springer}
}

@inproceedings{goyal2022storing,
  title={Storing and retrieving secrets on a blockchain},
  author={Goyal, Vipul and Kothapalli, Abhiram and Masserova, Elisaweta and Parno, Bryan and Song, Yifan},
  booktitle={IACR International Conference on Public-Key Cryptography},
  pages={252--282},
  year={2022},
  organization={Springer}
}

@inproceedings{tzialla2022transparency,
author = {Tzialla, Ioanna and Kothapalli, Abhiram and Parno, Bryan and Setty, Srinath},
title = {Transparency Dictionaries with Succinct Proofs of Correct Operation},
booktitle = {Network and Distributed System Security (NDSS) Symposium},
year = {2022},
}

@inproceedings{lunar,
  title={Lunar: a toolbox for more efficient universal and updatable zk{SNARK}s and commit-and-prove extensions},
  author={Campanelli, Matteo and Faonio, Antonio and Fiore, Dario and Querol, Ana{\"\i}s and Rodr{\'\i}guez, Hadri{\'a}n},
  booktitle={International Conference on the Theory and Application of Cryptology and Information Security},
  pages={3--33},
  year={2021},
  organization={Springer}
}

@misc{latticefold,
      author = {Dan Boneh and Binyi Chen},
      title = {{LatticeFold}: A Lattice-based Folding Scheme and its Applications to Succinct Proof Systems},
      howpublished = {Cryptology {ePrint} Archive, Paper 2024/257},
      year = {2024},
      url = {https://eprint.iacr.org/2024/257}
}

@misc{mova,
      author = {Nikolaos Dimitriou and Albert Garreta and Ignacio Manzur and Ilia Vlasov},
      title = {Mova: Nova folding without committing to error terms},
      howpublished = {Cryptology {ePrint} Archive, Paper 2024/1220},
      year = {2024},
      url = {https://eprint.iacr.org/2024/1220}
}

@inproceedings{cini2024polynomial,
  title={Polynomial commitments from lattices: post-quantum security, fast verification and transparent setup},
  author={Cini, Valerio and Malavolta, Giulio and Nguyen, Ngoc Khanh and Wee, Hoeteck},
  booktitle={Annual International Cryptology Conference},
  pages={207--242},
  year={2024},
  organization={Springer}
}

@article{johnston2024quirky,
  title={Quirky Interactive Reductions of Knowledge},
  author={Johnston, Joseph},
  journal={Cryptology ePrint Archive},
  year={2024}
}

@phdthesis{jones2023zero,
  title={Zero-Knowledge Reductions and Confidential Arithmetic},
  author={Jones, Marvin Clayton},
  year={2023},
  school={Clemson University}
}

@phdthesis{kothapalli2024theory,
  title={A Theory of Composition for Proofs of Knowledge},
  author={Kothapalli, Abhiram},
  year={2024},
  school={Microsoft Research}
}

@misc{barbararelativized,
      author = {Annalisa Barbara and Alessandro Chiesa and Ziyi Guan},
      title = {Relativized Succinct Arguments in the {ROM} Do Not Exist},
      howpublished = {Cryptology {ePrint} Archive, Paper 2024/728},
      year = {2024},
      url = {https://eprint.iacr.org/2024/728}
}

@article{yoneda1960ext,
  title={On Ext and exact sequences},
  author={Yoneda, Nobuo},
  journal={J. Fac. Sci. Univ. Tokyo Sect. I},
  volume={8},
  number={507-576},
  pages={1960},
  year={1960}
}

@inproceedings{chen2023proof,
  title={Proof-Carrying Data from Arithmetized Random Oracles},
  author={Chen, Megan and Chiesa, Alessandro and Gur, Tom and O’Connor, Jack and Spooner, Nicholas},
  booktitle={Advances in Cryptology--EUROCRYPT 2023: 42nd Annual International Conference on the Theory and Applications of Cryptographic Techniques, Lyon, France, April 23--27, 2023, Proceedings, Part II},
  pages={379--404},
  year={2023},
  organization={Springer}
}

@inproceedings{hall2023valiant,
  title={On {Valiant}’s conjecture: impossibility of incrementally verifiable computation from random oracles},
  author={Hall-Andersen, Mathias and Nielsen, Jesper Buus},
  booktitle={Advances in Cryptology--EUROCRYPT 2023: 42nd Annual International Conference on the Theory and Applications of Cryptographic Techniques, Lyon, France, April 23--27, 2023, Proceedings, Part II},
  pages={438--469},
  year={2023},
  organization={Springer}
}

@book{arora2009computational,
  title={Computational complexity: a modern approach},
  author={Arora, Sanjeev and Barak, Boaz},
  year={2009},
  publisher={Cambridge University Press}
}

@misc{setty23ccs,
  author = {Srinath Setty and Justin Thaler and Riad Wahby},
  title = {Customizable constraint systems for succinct arguments},
  howpublished = {Cryptology ePrint Archive},
  year = {2023}
}

@inproceedings{fischlin,
  title={Communication-efficient non-interactive proofs of knowledge with online extractors},
  author={Fischlin, Marc},
  booktitle={Annual International Cryptology Conference},
  pages={152--168},
  year={2005},
  organization={Springer}
}

@misc{novalib,
	title = {{Nova:} {Recursive} {SNARKs} without trusted setup},
	howpublished = {\url{https://github.com/Microsoft/Nova}} 
}

@misc{zator,
  title= {Zator: Verified inference of a 512-layer neural network using recursive SNARKs},
  howpublished = {\url{https://github.com/lyronctk/zator}}
}

@inproceedings{boneh20haloinfinite,
  author       = {Dan Boneh and Justin Drake and Ben Fisch and Ariel Gabizon},
  title        = {{Halo Infinite: Recursive zk-SNARKs from any Additive Polynomial
      Commitment Scheme}},
  booktitle = CRYPTO,
  year         = {2021}
}

@misc{espresso,
  title = Espresso,
  note = {\url{https://www.espressosys.com}}
}

@misc{mohnblatt23sangria,
  author = {Nicolas Mohnblatt},
  title = {Sangria: a Folding Scheme for {PLONK}},
  howpublished =
  {\url{https://geometry.xyz/notebook/sangria-a-folding-scheme-for-plonk}},
  year = 2023,
}

@misc{zhang23origami,
 author = {Zhenfei Zhang},
 title = {Origami: Fold a {Plonk} for {Ethereum’s VDF}},
 howpublished = EPRINT,
 year = {2023},
}

@article{nguyen2023revisiting,
  title={Revisiting the Nova Proof System on a Cycle of Curves},
  author={Nguyen, Wilson and Boneh, Dan and Setty, Srinath},
  journal={Cryptology ePrint Archive},
  year={2023}
}

@misc{zhou23proof,
      author = {Zibo Zhou and Zongyang Zhang and Jin Dong},
      title = {Proof-Carrying Data from Multi-folding Schemes},
      howpublished = {Cryptology ePrint Archive, Paper 2023/1282},
      year = {2023},
}

@misc{protogalaxy,
      author = {Liam Eagen and Ariel Gabizon},
      title = {ProtoGalaxy:  Efficient ProtoStar-style folding of multiple instances},
      howpublished = {Cryptology ePrint Archive, Paper 2023/1106},
      year = {2023},
      note = {\url{https://eprint.iacr.org/2023/1106}},
      url = {https://eprint.iacr.org/2023/1106}
}

@misc{protostar,
      author = {Benedikt Bünz and Binyi Chen},
      title = {ProtoStar: Generic Efficient Accumulation/Folding for Special Sound Protocols},
      howpublished = {Cryptology ePrint Archive, Paper 2023/620},
      year = {2023},
      note = {\url{https://eprint.iacr.org/2023/620}},
      url = {https://eprint.iacr.org/2023/620}
}

@misc{lurk,
      author = {Nada Amin and John Burnham and François Garillot and Rosario Gennaro and Chhi'mèd Künzang and Daniel Rogozin and Cameron Wong},
      title = {LURK: Lambda, the Ultimate Recursive Knowledge},
      howpublished = {Cryptology ePrint Archive, Paper 2023/369},
      year = {2023},
      note = {\url{https://eprint.iacr.org/2023/369}},
      url = {https://eprint.iacr.org/2023/369}
}

@misc{tcsnark,
  title = {Hierarchical Consensus with {VDF}s and/or {Turing}-Complete {SNARK}s},
  author={Porcu Quine}
}

@misc{zinc,
title={Zinc},
note = {\url{https://github.com/matter-labs/zinc}}
}

@misc{cairo,
    author       = {Lior Goldberg and
		    Shahar Papini and
		    Michael Riabzev},
    title        = {Cairo – a Turing-complete STARK-friendly CPU architecture},
    howpublished = {Cryptology ePrint Archive, Report 2021/1063},
    year         = {2021},
    note         = {\url{https://ia.cr/2021/1063}},
}

@article{micali2000computationally,
  title={Computationally sound proofs},
  author={Micali, Silvio},
  journal={SIAM Journal on Computing},
  volume={30},
  number={4},
  pages={1253--1298},
  year={2000},
  publisher={SIAM}
}

@article{ji2021mip,
  title={{MIP}*= {RE}},
  author={Ji, Zhengfeng and Natarajan, Anand and Vidick, Thomas and Wright, John and Yuen, Henry},
  journal={Communications of the ACM},
  volume={64},
  number={11},
  pages={131--138},
  year={2021},
  publisher={ACM New York, NY, USA}
}

@inproceedings{ben1990everything,
  title={Everything provable is provable in zero-knowledge},
  author={Ben-Or, Michael and Goldreich, Oded and Goldwasser, Shafi and H{\aa}stad, Johan and Kilian, Joe and Micali, Silvio and Rogaway, Phillip},
  booktitle={Advances in Cryptology—CRYPTO’88: Proceedings 8},
  pages={37--56},
  year={1990},
  organization={Springer}
}

@article{shamir1992ip,
  title={{IP}= {PSPACE}},
  author={Shamir, Adi},
  journal={Journal of the ACM (JACM)},
  volume={39},
  number={4},
  pages={869--877},
  year={1992},
  publisher={ACM New York, NY, USA}
}

@inproceedings{bellare1992defining,
  title={On defining proofs of knowledge},
  author={Bellare, Mihir and Goldreich, Oded},
  booktitle={Annual International Cryptology Conference},
  pages={390--420},
  year={1992},
  organization={Springer}
}

@inproceedings{babai1985trading,
  title={Trading group theory for randomness},
  author={Babai, L{\'a}szl{\'o}},
  booktitle={Proceedings of the seventeenth annual ACM symposium on Theory of computing},
  pages={421--429},
  year={1985}
}

@inproceedings{bunz2021proof,
  title={Proof-carrying data without succinct arguments},
  author={B{\"u}nz, Benedikt and Chiesa, Alessandro and Lin, William and Mishra, Pratyush and Spooner, Nicholas},
  booktitle={Advances in Cryptology--CRYPTO 2021: 41st Annual International Cryptology Conference, CRYPTO 2021, Virtual Event, August 16--20, 2021, Proceedings, Part I 41},
  pages={681--710},
  year={2021},
  organization={Springer}
}


@inproceedings{kothapalli2022nova,
  title={Nova: Recursive zero-knowledge arguments from folding schemes},
  author={Kothapalli, Abhiram and Setty, Srinath and Tzialla, Ioanna},
  booktitle={Annual International Cryptology Conference},
  pages={359--388},
  year={2022},
  organization={Springer}
}

@article{kothapalli2022supernova,
  title={SuperNova: Proving universal machine executions without universal circuits},
  author={Kothapalli, Abhiram and Setty, Srinath},
  journal={Cryptology ePrint Archive},
  year={2022}
}

@inproceedings{kothapalli2024hypernova,
  title={{HyperNova}: Recursive arguments for customizable constraint systems},
  author={Kothapalli, Abhiram and Setty, Srinath},
  booktitle={Annual International Cryptology Conference},
  pages={345--379},
  year={2024},
  organization={Springer}
}

@inproceedings{kothapalli2023algebraic,
  title={Algebraic reductions of knowledge},
  author={Kothapalli, Abhiram and Parno, Bryan},
  booktitle={Annual International Cryptology Conference},
  pages={669--701},
  year={2023},
  organization={Springer}
}

@article{dinur2007pcp,
  title={The PCP theorem by gap amplification},
  author={Dinur, Irit},
  journal={Journal of the ACM (JACM)},
  volume={54},
  number={3},
  pages={12--es},
  year={2007},
  publisher={ACM New York, NY, USA}
}



%% Additional

@inproceedings{valiant,
  title={Incrementally Verifiable Computation or Proofs of Knowledge Imply Time/Space Efficiency},
  author={Valiant, Paul},
  booktitle={TCC},
  year={2008},
}

@inproceedings{pcd,
  title={Recursive composition and bootstrapping for SNARKs and proof-carrying data},
  author={Bitansky, Nir and Canetti, Ran and Chiesa, Alessandro and Tromer, Eran},
  booktitle={Proceedings of the forty-fifth annual ACM symposium on Theory of computing},
  pages={111--120},
  year={2013}
}

@article{halo,
  title={Halo: Recursive Proof Composition without a Trusted Setup.},
  author={Bowe, Sean and Grigg, Jack and Hopwood, Daira},
  journal={IACR Cryptol. ePrint Arch.},
  volume={2019},
}

@inproceedings{poseidon,
  title={Poseidon: A New Hash Function for Zero-Knowledge Proof Systems},
  author={Grassi, Lorenzo and Khovratovich, Dmitry and Roy, Arnab and Rechberger, Christian and Schofnegger, Markus},
  booktitle={USENIX},
  year={2020}
}

@article{rescue,
  title={Efficient Symmetric Primitives for Advanced Cryptographic Protocols (A Marvellous Contribution)},
  author={Aly, Abdelrahaman and Ashur, Tomer and Ben-Sasson, Eli and Dhooghe, Siemen and Szepieniec, Alan},
  journal={IACR Cryptol. ePrint Arch.},
  volume={2019},
}

% n-SDH
@inproceedings{boneh2004short,
  title={Short Signatures Without Random Oracles},
  author={Boneh, Dan and Boyen, Xavier},
  booktitle={EUROCRYPT},
  year={2004}
}

% n-BSDH
@inproceedings{goyal2007reducing,
  title={Reducing Trust in the {PKG} in Identity Based Cryptosystems},
  author={Goyal, Vipul},
  booktitle={CRYPTO},
  year={2007}
}

@inproceedings{supersonic,
  title={Transparent {SNARKs} from {DARK} Compilers},
  author={B{\"u}nz, Benedikt and Fisch, Ben and Szepieniec, Alan},
  booktitle={EUROCRYPT},
  year={2020},
}

@inproceedings{snarg,
  title={Separating Succinct Non-Interactive Arguments from all Falsifiable Assumptions},
  author={Gentry, Craig and Wichs, Daniel},
  booktitle={STOC},
  year={2011}
}

@inproceedings{photoproof,
  title={PhotoProof: Cryptographic Image Authentication for any Set of Permissible Transformations},
  author={Naveh, Assa and Tromer, Eran},
  booktitle={IEEE S\&P},
  year={2016},
}

@inproceedings{pippenger,
  title={On the Evaluation of Powers and Related Problems},
  author={Pippenger, Nicholas},
  booktitle={SFCS},
  year={1976}
}

@article{bitansky2016existence,
  title={On the Existence of Extractable One-Way Functions},
  author={Bitansky, Nir and Canetti, Ran and Paneth, Omer and Rosen, Alon},
  journal={SICOMP},
  volume={45},
  number={5},
  year={2016}
}

@inproceedings{boyle2015limits,
  title={Limits of Extractability Assumptions with Distributional Auxiliary Input},
  author={Boyle, Elette and Pass, Rafael},
  booktitle={ASIACRYPT},
  year={2015}
}

@article{barycentric,
  title={Barycentric {Lagrange} Interpolation},
  author={Berrut, Jean-Paul and Trefethen, Lloyd N},
  journal={SIREV},
  volume={46},
  number={3},
  year={2004}
}

@inproceedings{agm,
  title={The Algebraic Group Model and its Applications},
  author={Fuchsbauer, Georg and Kiltz, Eike and Loss, Julian},
  booktitle={CRYPTO},
  year={2018}
}

@inproceedings{scc,
  title={Signatures of Correct Computation},
  author={Papamanthou, Charalampos and Shi, Elaine and Tamassia, Roberto},
  booktitle={TCC},
  year={2013}
}


@misc{lineardp,
    title = {Proofs for Inner Pairing Products and Applications},
    author={B{\"u}nz, Benedikt and Maller, Mary and Mishra, Pratyush and Vesely, Noah},
    howpublished = {Cryptology ePrint Archive, Report 2019/1177},
    year = {2019}
}

@phdthesis{bayer2014practical,
  title={Practical Zero-Knowledge Protocols based on the Discrete Logarithm Assumption},
  author={Bayer, Stephanie Gertrud Maria},
  year={2014},
  school={University College London}
}

@misc{zkvsql,
    title = {A Zero-Knowledge Version of {vSQL}},
    author={Zhang, Yupeng and Genkin, Daniel and Katz, Jonathan and Papadopoulos, Dimitrios and Papamanthou, Charalampos},
    howpublished = {Cryptology ePrint Archive, Report 2017/1146},
    year = {2017}
}

%% Foundations

@inproceedings{zkprovable,
  title={Everything Provable is Provable in Zero-Knowledge},
  author={Ben-Or, Michael and Goldreich, Oded and Goldwasser, Shafi and H{\aa}stad, Johan and Kilian, Joe and Micali, Silvio and Rogaway, Phillip},
  booktitle={CRYPTO},
  year={1988}
}
  


% IP

@article{gmr,
  title={The Knowledge Complexity of Interactive Proof Systems},
  author={Goldwasser, Shafi and Micali, Silvio and Rackoff, Charles},
  journal={SICOMP},
  volume={18},
  number={1},
  year={1989}
}

% PCP

@article{shortpcp,
  title={Short {PCPs} with Polylog Query Complexity},
  author={Ben-Sasson, Eli and Sudan, Madhu},
  journal={SICOMP},
  volume={38},
  number={2},
  year={2008}
}

@inproceedings{pcp,
  title={Checking Computations in Polylogarithmic Time},
  author={Babai, L{\'a}szl{\'o} and Fortnow, Lance and Levin, Leonid A and Szegedy, Mario},
  booktitle={STOC},
  year={1991}
}

@article{pcp2,
  title={Probabilistic Checking of Proofs: A New Characterization of {NP}},
  author={Arora, Sanjeev and Safra, Shmuel},
  journal={JACM},
  volume={45},
  number={1},
  year={1998}
}

@article{pcp3,
  title={Proof Verification and the Hardness of Approximation Problems},
  author={Arora, Sanjeev and Lund, Carsten and Motwani, Rajeev and Sudan, Madhu and Szegedy, Mario},
  journal={JACM},
  volume={45},
  number={3},
  year={1998}
}

@inproceedings{kilian1992note,
  title={A note on efficient zero-knowledge proofs and arguments},
  author={Kilian, Joe},
  booktitle={Proceedings of the twenty-fourth annual ACM symposium on Theory of computing},
  pages={723--732},
  year={1992}
}

@inproceedings{kilian2,
  title={Improved Efficient Arguments},
  author={J. Kilian},
  booktitle={CRYPTO},
  year={1995}
}

@inproceedings{iko,
  title={Efficient Arguments without Short {PCPs}},
  author={Ishai, Yuval and Kushilevitz, Eyal and Ostrovsky, Rafail},
  booktitle={CCC},
  year={2007}
}

@inproceedings{allspice,
title={A Hybrid Architecture for Interactive Verifiable Computation},
author={Vu, Victor and Setty, Srinath and Blumberg, Andrew J and Walfish, Michael},
year={2013},
booktitle={IEEE S\&P}
}
  

%% GKR Based snarks

@article{gkr,
  title={Delegating Computation: Interactive Proofs for Muggles},
  author={Goldwasser, Shafi and Kalai, Yael Tauman and Rothblum, Guy N},
  journal={JACM},
  volume={62},
  number={4},
  year={2015}
}

@inproceedings{thaler2012verifiable,
  title={Verifiable Computation with Massively Parallel Interactive Proofs},
  author={Thaler, Justin and Roberts, Mike and Mitzenmacher, Michael and Pfister, Hanspeter},
  booktitle={USENIX HotCloud},
  year={2012}
}

@inproceedings{cmt,
  title={Practical Verified Computation with Streaming Interactive Proofs},
  author={Cormode, Graham and Mitzenmacher, Michael and Thaler, Justin},
  booktitle={ITCS},
  year={2012}
}

@inproceedings{giraffe,
  title={Full Accounting for Verifiable Outsourcing},
  author={Wahby, Riad S and Ji, Ye and Blumberg, Andrew J and Shelat, Abhi and Thaler, Justin and Walfish, Michael and Wies, Thomas},
  booktitle={CCS},
  year={2017}
}

@inproceedings{hyrax,
  title={Doubly-Efficient {zkSNARKs} without Trusted Setup},
  author={Wahby, Riad S and Tzialla, Ioanna and Shelat, Abhi and Thaler, Justin and Walfish, Michael},
  booktitle={IEEE S\&P},
  year={2018}
}

@inproceedings{libra,
  title={{Libra}: Succinct Zero-Knowledge Proofs with Optimal Prover Computation},
  author={Xie, Tiacheng and Zhang, Jiaheng and Zhang, Yupeng and Papamanthou, Charalampos and Song, Dawn},
  booktitle={CRYPTO},
  year={2019}
}

@inproceedings{virgo,
  title={Transparent Polynomial Delegation and its Applications to Zero Knowledge Proof},
  author={Zhang, Jiaheng and Xie, Tiancheng and Zhang, Yupeng and Song, Dawn},
  booktitle={IEEE S\&P},
  year={2020}
}

@inproceedings{spartan,
  title={Spartan: Efficient and General-Purpose {zkSNARKs} without Trusted Setup},
  author={Setty, Srinath},
  booktitle={CRYPTO},
  year={2020}
}


%% QAP Based Snarks

@inproceedings{ggp,
  title={Non-Interactive Verifiable Computing: Outsourcing Computation to Untrusted Workers},
  author={Gennaro, Rosario and Gentry, Craig and Parno, Bryan},
  booktitle={CRYPTO},
  year={2010}
}

@inproceedings{ggpr,
  title={Quadratic Span Programs and Succinct {NIZKs} without {PCPs}},
  author={Gennaro, Rosario and Gentry, Craig and Parno, Bryan and Raykova, Mariana},
  booktitle={EUROCRYPT},
  year={2013}
}

@inproceedings{ssp,
  title={Square Span Programs with Applications to Succinct {NIZK} Arguments},
  author={Danezis, George and Fournet, C{\'e}dric and Groth, Jens and Kohlweiss, Markulf},
  booktitle={ASIACRYPT},
  year={2014}
}

@inproceedings{qappcp,
  title={Succinct Non-Interactive Arguments via Linear Interactive Proofs},
  author={Bitansky, Nir and Chiesa, Alessandro and Ishai, Yuval and Paneth, Omer and Ostrovsky, Rafail},
  booktitle={TCC},
  year={2013}
}

@inproceedings{pinocchio,
  title={Pinocchio: Nearly Practical Verifiable Computation},
  author={Parno, Bryan and Howell, Jon and Gentry, Craig and Raykova, Mariana},
  booktitle={IEEE S\&P},
  year={2013}
}

@inproceedings{geppetto,
  title={{Geppetto}: Versatile Verifiable Computation},
  author={Costello, Craig and Fournet, C{\'e}dric and Howell, Jon and Kohlweiss, Markulf and Kreuter, Benjamin and Naehrig, Michael and Parno, Bryan and Zahur, Samee},
  booktitle={2015 IEEE Symposium on Security and Privacy},
  year={2015}
}

@inproceedings{snark,
  title={{SNARKs} for {C}: Verifying program executions succinctly and in zero knowledge},
  author={Ben-Sasson, Eli and Chiesa, Alessandro and Genkin, Daniel and Tromer, Eran and Virza, Madars},
  booktitle={CRYPTO},
  year={2013}
}

@article{eccycle,
  title={Scalable Zero Knowledge via Cycles of Elliptic Curves},
  author={Ben-Sasson, Eli and Chiesa, Alessandro and Tromer, Eran and Virza, Madars},
  journal={Algorithmica},
  volume={79},
  number={4},
  year={2017}
}

@inproceedings{verifyingstate,
  title={Verifying Computations with State},
  author={Braun, Benjamin and Feldman, Ariel J and Ren, Zuocheng and Setty, Srinath and Blumberg, Andrew J and Walfish, Michael},
  booktitle={Proceedings of the Twenty-Fourth ACM Symposium on Operating Systems Principles},
  year={2013}
}

@inproceedings{cluster,
  title={Cluster Computing in Zero Knowledge},
  author={Chiesa, Alessandro and Tromer, Eran and Virza, Madars},
  booktitle={ACM SIGOPS},
  year={2015}
}

@inproceedings{hashargue,
  title={Hash First, Argue Later: Adaptive Verifiable Computations on Outsourced Data},
  author={Fiore, Dario and Fournet, C{\'e}dric and Ghosh, Esha and Kohlweiss, Markulf and Ohrimenko, Olga and Parno, Bryan},
  booktitle={CCS},
  year={2016}
}

@inproceedings{vcencrypted,
  title={Efficiently Verifiable Computation on Encrypted Data},
  author={Fiore, Dario and Gennaro, Rosario and Pastro, Valerio},
  booktitle={CCS},
  year={2014}
}

@inproceedings{zo,
  title={{Z{\O}}: An Optimizing Distributing Zero-Knowledge Compiler},
  author={Fredrikson, Matthew and Livshits, Benjamin},
  booktitle={USENIX},
  year={2014}
}

@inproceedings{trueset,
  title={{TRUESET}: Faster Verifiable Set Computations},
  author={Kosba, Ahmed E and Papadopoulos, Dimitrios and Papamanthou, Charalampos and Sayed, Mahmoud F and Shi, Elaine and Triandopoulos, Nikos},
  booktitle={USENIX},
  year={2014}
}

@inproceedings{efficientram,
  title={Efficient {RAM} and Control Flow in Verifiable Outsourced Computation},
  author={Wahby, Riad S and Setty, Srinath TV and Ren, Zuocheng and Blumberg, Andrew J and Walfish, Michael},
  booktitle={NDSS},
  year={2015}
}

@inproceedings{grothsahai,
  title={Efficient Non-Interactive Proof Systems for Bilinear Groups},
  author={Groth, Jens and Sahai, Amit},
  booktitle={Annual EUROCRYPT},
  year={2008}
}

@inproceedings{groth16,
  title={On the Size of Pairing-based Non-Interactive Arguments},
  author={Groth, Jens},
  booktitle={EUROCRYPT},
  year={2016},
}

@inproceedings{snarkysignatures,
  title={Snarky Signatures: Minimal Signatures of Knowledge from Simulation-Extractable {SNARKs}},
  author={Groth, Jens and Maller, Mary},
  booktitle={CRYPTO},
  year={2017},
}

@inproceedings{zaatar,
  title={Resolving the Conflict between Generality and Plausibility in Verified Computation},
  author={Setty, Srinath and Braun, Benjamin and Vu, Victor and Blumberg, Andrew J and Parno, Bryan and Walfish, Michael},
  booktitle={ACM EuroSys},
  year={2013}
}



%% Discrete Log Based Snarks

@inproceedings{roundefficient,
  title={Round-Efficient Sub-Linear Zero-Knowledge Arguments for Linear Algebra},
  author={Seo, Jae Hong},
  booktitle={IACR PKC},
  year={2011},
}

@inproceedings{grothlinalg,
  title={Linear Algebra with Sub-Linear Zero-Knowledge Arguments},
  author={Groth, Jens},
  booktitle={CRYPTO},
  year={2009},
}

@inproceedings{innerproduct,
  title={Efficient Zero-Knowledge Arguments for Arithmetic Circuits in the Discrete Log Setting},
  author={Bootle, Jonathan and Cerulli, Andrea and Chaidos, Pyrros and Groth, Jens and Petit, Christophe},
  booktitle={EUROCRYPT},
  year={2016},
}

@inproceedings{bulletproofs,
  title={Bulletproofs: Short Proofs for Confidential Transactions and More},
  author={B{\"u}nz, Benedikt and Bootle, Jonathan and Boneh, Dan and Poelstra, Andrew and Wuille, Pieter and Maxwell, Greg},
  booktitle={IEEE S\&P},
  year={2018},
}

%% PCP Based Snarks

@inproceedings{pepper,
  title={Making Argument Systems for Outsourced Computation Practical (Sometimes)},
  author={Setty, Srinath and Vu, Victor and Panpalia, Nikhil and Braun, Benjamin and Blumberg, Andrew J and Walfish, Michael},
  booktitle={NDSS},
  volume={1},
  number={9},
  year={2012}
}

@inproceedings{ginger,
  title={Taking Proof-Based Verified Computation a Few Steps Closer to Practicality},
  author={Setty, Srinath and Vu, Victor and Panpalia, Nikhil and Braun, Benjamin and Blumberg, Andrew J and Walfish, Michael},
  booktitle={USENIX},
  year={2012}
}

%% IOP Based Snarks

@inproceedings{iop,
  title={Interactive Oracle Proofs},
  author={Ben-Sasson, Eli and Chiesa, Alessandro and Spooner, Nicholas},
  booktitle={TCC},
  year={2016},
}

@article{iop2,
  title={Constant-Round Interactive Proofs for Delegating Computation},
  author={Reingold, Omer and Rothblum, Guy N and Rothblum, Ron D},
  journal={STOC},
  year={2019}
}

@inproceedings{iopa,
  title={Quasi-Linear Size Zero Knowledge from Linear-Algebraic {PCPs}},
  author={Ben-Sasson, Eli and Chiesa, Alessandro and Gabizon, Ariel and Virza, Madars},
  booktitle={TCC},
  year={2016},
}

@inproceedings{iopb,
  title={Interactive Oracle Proofs with Constant Rate and Query Complexity},
  author={Ben-Sasson, Eli and Chiesa, Alessandro and Gabizon, Ariel and Riabzev, Michael and Spooner, Nicholas},
  booktitle={ICALP 2017},
  year={2017}
}

@inproceedings{iopc,
  title={Computational Integrity with a Public Random String from Quasi-Linear {PCPs}},
  author={Ben-Sasson, Eli and Bentov, Iddo and Chiesa, Alessandro and Gabizon, Ariel and Genkin, Daniel and Hamilis, Matan and Pergament, Evgenya and Riabzev, Michael and Silberstein, Mark and Tromer, Eran and others},
  booktitle={EUROCRYPT},
  year={2017}
}

@article{iopd,
  title={Fast {Reed-Solomon} Interactive Oracle Proofs of Proximity},
  author={Ben-Sasson, Eli and Bentov, Iddo and Horesh, Yinon and Riabzev, Michael},
  journal={ECCC},
  year={2017},
  volume={24},
}


@misc{stark,
    author={Ben-Sasson, Eli and Bentov, Iddo and Horesh, Yinon and Riabzev, Michael},
    title = {Scalable, Transparent, and Post-Quantum Secure Computational Integrity},
    howpublished = {Cryptology ePrint Archive, Report 2018/046},
    year = {2018}
}

@inproceedings{wahbyram,
  title={Efficient {RAM} and control flow in verifiable outsourced computation.},
  author={Wahby, Riad S and Setty, Srinath TV and Ren, Zuocheng and Blumberg, Andrew J and Walfish, Michael},
  booktitle={NDSS},
  year={2015}
}

@inproceedings{aurora,
  title={Aurora: Transparent Succinct Arguments for {R1CS}},
  author={Ben-Sasson, Eli and Chiesa, Alessandro and Riabzev, Michael and Spooner, Nicholas and Virza, Madars and Ward, Nicholas P},
  booktitle={EUROCRYPT},
  year={2019}
}

@inproceedings{sonic,
  title={{Sonic}: Zero-Knowledge {SNARKs} from Linear-Size Universal and Updatable Structured Reference Strings},
  author={Maller, Mary and Bowe, Sean and Kohlweiss, Markulf and Meiklejohn, Sarah},
  booktitle={CCS},
  year={2019}
}

@inproceedings{marlin,
  title={Marlin: Preprocessing {zkSNARKs} with Universal and Updatable {SRS}},
  author={Chiesa, Alessandro and Hu, Yuncong and Maller, Mary and Mishra, Pratyush and Vesely, Noah and Ward, Nicholas},
  booktitle={EUROCRYPT},
  year={2020}
}

@inproceedings{fractal,
  title={Fractal: Post-Quantum and Transparent Recursive Proofs from Holography},
  author={Chiesa, Alessandro and Ojha, Dev and Spooner, Nicholas},
  booktitle={EUROCRYPT},
  year={2020}
}

@inproceedings{originaluh,
  title={Linear-Size Constant-Query {IOPs} for Delegating Computation},
  author={Ben-Sasson, Eli and Chiesa, Alessandro and Goldberg, Lior and Gur, Tom and Riabzev, Michael and Spooner, Nicholas},
  booktitle={TCC},
  year={2019}
}

%% MPC Based Snarks

@inproceedings{ikos,
  title={Zero-Knowledge from Secure Multiparty Computation},
  author={Ishai, Yuval and Kushilevitz, Eyal and Ostrovsky, Rafail and Sahai, Amit},
  booktitle={STOC},
  year={2007}
}

@inproceedings{zkboo,
  title = {{ZKBoo}: Faster Zero-Knowledge for Boolean Circuits},
  author={Giacomelli, Irene and Madsen, Jesper and Orlandi, Claudio},
  booktitle={USENIX},
  year={2016}
}

@inproceedings{zkbpp,
  title={Post-Quantum Zero-Knowledge and Signatures from Symmetric-Key Primitives},
  author={Chase, Melissa and Derler, David and Goldfeder, Steven and Orlandi, Claudio and Ramacher, Sebastian and Rechberger, Christian and Slamanig, Daniel and Zaverucha, Greg},
  booktitle={CCS},
  year={2017}
}

@inproceedings{ligero,
  title={{Ligero}: Lightweight Sublinear Arguments without a Trusted Setup},
  author={Ames, Scott and Hazay, Carmit and Ishai, Yuval and Venkitasubramaniam, Muthuramakrishnan},
  booktitle={CCS},
  year={2017}
}


%% Misc. Snarks

@inproceedings{arya,
  title={Nearly Linear-Time Zero-Knowledge Proofs for Correct Program Execution},
  author={Bootle, Jonathan and Cerulli, Andrea and Groth, Jens and Jakobsen, Sune K and Maller, Mary},
  booktitle={ASIACRYPT},
  year={2018}
}

%% Techniques

@article{schwartz,
  title={Fast Probabilistic Algorithms for Verification of Polynomial Identities},
  author={Schwartz, Jacob T},
  journal={JACM},
  volume={27},
  number={4},
  year={1980}
}

@article{sumcheck,
  title={Algebraic Methods for Interactive Proof Systems},
  author={Lund, Carsten and Fortnow, Lance and Karloff, Howard and Nisan, Noam},
  journal={JACM},
  volume={39},
  number={4},
  year={1992},
}


@article{usumcheck,
  title={A Zero Knowledge Sumcheck and its Applications},
  author={Chiesa, Alessandro and Forbes, Michael A and Spooner, Nicholas},
  journal={arXiv preprint arXiv:1704.02086},
  year={2017}
}

@inproceedings{cramerdamgard,
  title={Zero-Knowledge Proofs for Finite Field Arithmetic, or: Can Zero-Knowledge be for Free?},
  author={Cramer, Ronald and Damg{\aa}rd, Ivan},
  booktitle={CRYPTO},
  year={1998},
}

@inproceedings{pedersen,
  title={Non-Interactive and Information-Theoretic Secure Verifiable Secret Sharing},
  author={Pedersen, Torben Pryds},
  booktitle={Annual international cryptology conference},
  year={1991},
}

@inproceedings{fiatshamir,
  title={How to Prove Yourself: Practical Solutions to Identification and Signature Problems},
  author={Fiat, Amos and Shamir, Adi},
  booktitle={EUROCRYPT},
  year={1986},
}

@inproceedings{kzg,
  title={Constant-Size Commitments to Polynomials and their Applications},
  author={Kate, Aniket and Zaverucha, Gregory M and Goldberg, Ian},
  booktitle={ASIACRYPT},
  year={2010}
}


%% Applications

@inproceedings{neumann,
  title={Succinct Non-Interactive Zero Knowledge for a {von Neumann} Architecture},
  author={Ben-Sasson, Eli and Chiesa, Alessandro and Tromer, Eran and Virza, Madars},
  booktitle={USENIX},
  year={2014}
}

@inproceedings{cinderella,
  title={{Cinderella}: Turning Shabby {X. 509} Certificates into Elegant Anonymous Credentials with the Magic of Verifiable Computation},
  author={Delignat-Lavaud, Antoine and Fournet, C{\'e}dric and Kohlweiss, Markulf and Parno, Bryan},
  booktitle={IEEE S\&P},
  year={2016},
}

@article{smartcards,
  title={Efficient Signature Generation by Smart Cards},
  author={Schnorr, Claus-Peter},
  journal={J. Cryptology},
  volume={4},
  number={3},
  year={1991},
}

@inproceedings{signature1,
  title={Security Proofs for Signature Schemes},
  author={Pointcheval, David and Stern, Jacques},
  booktitle={EUROCRYPT},
  year={1996}
}

@inproceedings{zerocash,
  title={{Zerocash}: Decentralized Anonymous Payments from {Bitcoin}},
  author={Sasson, Eli Ben and Chiesa, Alessandro and Garman, Christina and Green, Matthew and Miers, Ian and Tromer, Eran and Virza, Madars},
  booktitle={IEEE S\&P},
  year={2014}
}

@inproceedings{pinocchiocoin,
  title={{Pinocchio} Coin: Building {Zerocoin} from a Succinct Pairing-based Proof System},
  author={Danezis, George and Fournet, Cedric and Kohlweiss, Markulf and Parno, Bryan},
  booktitle={Proceedings of the First ACM workshop on Language support for privacy-enhancing technologies},
  year={2013}
}

@article{nmcrypto,
  title={Nonmalleable Cryptography},
  author={Dolev, Danny and Dwork, Cynthia and Naor, Moni},
  journal={SIREV},
  volume={45},
  number={4},
  year={2003}
}

@inproceedings{hawk,
  title={Hawk: The Blockchain Model of Cryptography and Privacy-Preserving Smart Contracts},
  author={Kosba, Ahmed and Miller, Andrew and Shi, Elaine and Wen, Zikai and Papamanthou, Charalampos},
  booktitle={IEEE S\&P},
  year={2016},
}

@inproceedings{scalingblockchains,
  title={On Scaling Decentralized Blockchains},
  author={Croman, Kyle and Decker, Christian and Eyal, Ittay and Gencer, Adem Efe and Juels, Ari and Kosba, Ahmed and Miller, Andrew and Saxena, Prateek and Shi, Elaine and Sirer, Emin G{\"u}n and others},
  booktitle={FC},
  year={2016}
}

@inproceedings{securempc,
  title={On-the-Fly Multiparty Computation on the Cloud via Multikey Fully Homomorphic Encryption},
  author={L{\'o}pez-Alt, Adriana and Tromer, Eran and Vaikuntanathan, Vinod},
  booktitle={STOC},
  year={2012}
}

@inproceedings{securempc2,
  title={Verifiable Computation in Multiparty Protocols with Honest Majority},
  author={Laud, Peeter and Pankova, Alisa},
  booktitle={ProvSec},
  year={2014}
}

@inproceedings{permacoin,
  title={{Permacoin}: Repurposing {Bitcoin} Work for Data Preservation},
  author={Miller, Andrew and Juels, Ari and Shi, Elaine and Parno, Bryan and Katz, Jonathan},
  booktitle={IEEE S\&P},
  year={2014},
}

@inproceedings{bolt,
  title = {{Bolt}: Anonymous Payment Channels for Decentralized Currencies},
  author = {Green, Matthew and Miers, Ian},
  year = {2017},
  booktitle = {CCS},
}

@inproceedings{dacreds,
  title={Decentralized Anonymous Credentials},
  author={Garman, Christina and Green, Matthew and Miers, Ian},
  booktitle={NDSS},
  year={2014}
}

@inproceedings{integridb,
  title={{IntegriDB}: Verifiable {SQL} for Outsourced Databases},
  author={Zhang, Yupeng and Katz, Jonathan and Papamanthou, Charalampos},
  booktitle={CCS},
  year={2015}
}

@inproceedings{accountablestorage,
  title={Accountable Storage},
  author={Ateniese, Giuseppe and Goodrich, Michael T and Lekakis, Vassilios and Papamanthou, Charalampos and Paraskevas, Evripidis and Tamassia, Roberto},
  booktitle={ACNS},
  year={2017}
}

@inproceedings{smartmetering,
  author = {Rial, Alfredo and Danezis, George},
  title = {Privacy-Preserving Smart Metering},
  year = {2011},
  publisher = {Association for Computing Machinery},
  booktitle = {ACM WPES},
}
  
@inproceedings{vsql,
  title={{vSQL}: Verifying arbitrary {SQL} queries over dynamic outsourced databases},
  author={Zhang, Yupeng and Genkin, Daniel and Katz, Jonathan and Papadopoulos, Dimitrios and Papamanthou, Charalampos},
  booktitle={IEEE S\&P},
  year={2017},
}

@inproceedings{privatevoting,
  title={How to Vote Privately Using {Bitcoin}},
  author={Zhao, Zhichao and Chan, T-H Hubert},
  booktitle={ICICS},
  year={2015}
}

@article{timelock,
  title={How to Build Time-Lock Encryption},
  author={Liu, Jia and Jager, Tibor and Kakvi, Saqib A and Warinschi, Bogdan},
  journal={Designs, Codes and Cryptography},
  volume={86},
  number={11},
  year={2018}
}

@inproceedings{shuffle,
  title={Sub-linear Zero-Knowledge Argument for Correctness of a Shuffle},
  author={Groth, Jens and Ishai, Yuval},
  booktitle={EUROCRYPT},
  year={2008}
}

%% Definitions

@article{emulation,
  title={Parallel Coin-Tossing and Constant-Round Secure Two-Party Computation},
  author={Lindell, Yehuda},
  journal={J. Cryptology},
  volume={16},
  number={3},
  year={2003}
}

@inproceedings{snarkname,
  title={From Extractable Collision Resistance to Succinct Non-Interactive Arguments of Knowledge, and Back Again},
  author={Bitansky, Nir and Canetti, Ran and Chiesa, Alessandro and Tromer, Eran},
  booktitle={ITCS},
  year={2012}
}


@inproceedings{randomoracle,
  title={Random Oracles are Practical: A Paradigm for Designing Efficient Protocols},
  author={Bellare, Mihir and Rogaway, Phillip},
  booktitle={CCS},
  year={1993}
}

% Placeholder
@inproceedings{watterson,
  title={The Complete Calvin and Hobbes},
  author={B. Watterson},
  year={2005}
}







